%YAML 1.1
%TAG !u! tag:unity3d.com,2011:
--- !u!1001 &100100000
Prefab:
  m_ObjectHideFlags: 1
  serializedVersion: 2
  m_Modification:
    m_TransformParent: {fileID: 0}
    m_Modifications: []
    m_RemovedComponents: []
  m_ParentPrefab: {fileID: 0}
  m_RootGameObject: {fileID: 1109850798743334}
  m_IsPrefabParent: 1
--- !u!1 &1109850798743334
GameObject:
  m_ObjectHideFlags: 0
  m_PrefabParentObject: {fileID: 0}
  m_PrefabInternal: {fileID: 100100000}
  serializedVersion: 5
  m_Component:
  - component: {fileID: 4170343577682954}
  - component: {fileID: 114704436544537554}
  - component: {fileID: 114527932184241548}
  - component: {fileID: 114606212164054012}
  m_Layer: 0
  m_Name: UserInteraction
  m_TagString: Untagged
  m_Icon: {fileID: 0}
  m_NavMeshLayer: 0
  m_StaticEditorFlags: 0
  m_IsActive: 1
--- !u!4 &4170343577682954
Transform:
  m_ObjectHideFlags: 1
  m_PrefabParentObject: {fileID: 0}
  m_PrefabInternal: {fileID: 100100000}
  m_GameObject: {fileID: 1109850798743334}
  m_LocalRotation: {x: 0, y: 0, z: 0, w: 1}
  m_LocalPosition: {x: 0, y: 0, z: 0}
  m_LocalScale: {x: 1, y: 1, z: 1}
  m_Children: []
  m_Father: {fileID: 0}
  m_RootOrder: 0
  m_LocalEulerAnglesHint: {x: 0, y: 0, z: 0}
--- !u!114 &114527932184241548
MonoBehaviour:
  m_ObjectHideFlags: 1
  m_PrefabParentObject: {fileID: 0}
  m_PrefabInternal: {fileID: 100100000}
  m_GameObject: {fileID: 1109850798743334}
  m_Enabled: 1
  m_EditorHideFlags: 0
  m_Script: {fileID: 11500000, guid: bcc2b036b7914da45b277a389e8af2fe, type: 3}
  m_Name: 
  m_EditorClassIdentifier: 
  ObstructionPrefab: {fileID: 1457294313404680, guid: e2f1bb58058497c4ab20394a251b8463,
    type: 2}
  PlanePrefab: {fileID: 1632424488360414, guid: 2044391ea3a106c4983d2ce9a2a3d2c4,
    type: 2}
  HousePrefab: {fileID: 1184717398867698, guid: 5c864b25391dda446a50e11bc829cbf6,
    type: 2}
--- !u!114 &114606212164054012
MonoBehaviour:
  m_ObjectHideFlags: 1
  m_PrefabParentObject: {fileID: 0}
  m_PrefabInternal: {fileID: 100100000}
  m_GameObject: {fileID: 1109850798743334}
  m_Enabled: 1
  m_EditorHideFlags: 0
  m_Script: {fileID: 11500000, guid: 45716f3af1db2014fae03985bacef7bd, type: 3}
  m_Name: 
  m_EditorClassIdentifier: 
--- !u!114 &114704436544537554
MonoBehaviour:
  m_ObjectHideFlags: 1
  m_PrefabParentObject: {fileID: 0}
  m_PrefabInternal: {fileID: 100100000}
  m_GameObject: {fileID: 1109850798743334}
  m_Enabled: 1
  m_EditorHideFlags: 0
  m_Script: {fileID: 11500000, guid: f962b48f8f5e3f74fad315f9e73a551c, type: 3}
  m_Name: 
  m_EditorClassIdentifier: 
  keycodes_enter_spawn: 310000003200000033000000
